<record><leader>00000cas a22000007a 4500</leader><controlfield tag="001">10581626</controlfield><controlfield tag="008">840331d18711889mduwr ne      0    0eng d</controlfield><datafield ind1=" " ind2=" " tag="010"><subfield code="a">sn 84026666 </subfield></datafield><datafield ind1=" " ind2=" " tag="040"><subfield code="a">NPU</subfield><subfield code="b">eng</subfield><subfield code="c">NPU</subfield><subfield code="d">MFN</subfield><subfield code="d">OCLCQ</subfield></datafield><datafield ind1=" " ind2=" " tag="042"><subfield code="a">msc</subfield></datafield><datafield ind1="0" ind2=" " tag="130"><subfield code="a">American progress (Ellicott City, Md.)</subfield></datafield><datafield ind1="1" ind2="0" tag="245"><subfield code="a">American progress.</subfield></datafield><datafield ind1=" " ind2=" " tag="260"><subfield code="a">Ellicott City, Md. :</subfield><subfield code="b">I. Wolfersberger</subfield></datafield><datafield ind1=" " ind2=" " tag="300"><subfield code="a">v.</subfield></datafield><datafield ind1=" " ind2=" " tag="310"><subfield code="a">Weekly</subfield></datafield><datafield ind1="1" ind2=" " tag="362"><subfield code="a">Began in 1871? Ceased in 1889?</subfield></datafield><datafield ind1=" " ind2=" " tag="588"><subfield code="a">Description based on: Vol. 2, no. 23 (Mar. 7, 1873).</subfield></datafield><datafield ind1=" " ind2=" " tag="752"><subfield code="a">United States</subfield><subfield code="b">Maryland</subfield><subfield code="c">Howard</subfield><subfield code="d">Ellicott City.</subfield></datafield><datafield ind1="0" ind2="0" tag="785"><subfield code="t">Howard County progress</subfield><subfield code="w">(DLC)sn 90057120</subfield></datafield></record>